@inproceedings{sevilla:eurosys17,
    Author = {Michael A. Sevilla and Noah Watkins and Ivo Jimenez and Peter Alvaro and Shel Finkelstein and Jeff LeFevre and Carlos Maltzahn},
    title = {Malacology: A Programmable Storage System},
    Series = {Eurosys '17},
    booktitle = {Proceedings of the 12th European Conference on Computer Systems},
    Note = {To Appear, preprint: \url{https://www.soe.ucsc.edu/research/technical-reports/UCSC-SOE-17-04}},
    address = {Belgrade, Serbia},
}

@article{bottle,
 author = {Swanson, Steven and Caulfield, Adrian},
 title = {Refactor, Reduce, Recycle: Restructuring the I/O Stack for the Future of Storage},
 journal = {Computer},
 issue_date = {August 2013},
 volume = {46},
 number = {8},
 month = aug,
 year = {2013},
 issn = {0018-9162},
 pages = {52--59},
 numpages = {8},
 url = {http://dx.doi.org/10.1109/MC.2013.222},
 doi = {10.1109/MC.2013.222},
 acmid = {2546301},
 publisher = {IEEE Computer Society Press},
 address = {Los Alamitos, CA, USA},
 keywords = {Hardware,File systems,Nonvolatile memory,Software engineering,Phase change materials,Storage area networks,software engineering,nonvolatile storage,storage management,file systems},
} 

@inproceedings{plfs,
 author = {Bent, John and Gibson, Garth and Grider, Gary and McClelland, Ben and Nowoczynski, Paul and Nunez, James and Polte, Milo and Wingate, Meghan},
 title = {{PLFS}: A Checkpoint Filesystem for Parallel Applications},
 booktitle = {Proceedings of the Conference on High Performance Computing Networking, Storage and Analysis},
 series = {SC '09},
 year = {2009},
 isbn = {978-1-60558-744-8},
 location = {Portland, Oregon},
 pages = {21:1--21:12},
 articleno = {21},
 numpages = {12},
 url = {http://doi.acm.org/10.1145/1654059.1654081},
 doi = {10.1145/1654059.1654081},
 acmid = {1654081},
 publisher = {ACM},
 address = {New York, NY, USA},
 keywords = {check-pointing, high performance computing, parallel computing, parallel file systems and IO},
} 

@misc{zlog,
    author = {Noah Watkins},
    title = {ZLog Distributed Shared-log},
    howpublished = {\url{https://github.com/noahdesu/zlog}},
    year = {2014--2017},
}

@inproceedings{balakrishnan:nsdi12,
	Address = {San Jose, CA},
	Author = {Mahesh Balakrishnan and Dahlia Malkhi and Vijayan Prabhakaran and Ted Wobber and Michael Wei and John D. Davis},
	Booktitle = {NSDI'12},
	Month = {April},
	Title = {{CORFU}: A Shared Log Design for Flash Clusters},
	Year = {2012}}

@inproceedings{alvaro:cidr11,
    Author = {Peter Alvaro and Neil Conway and Joseph M. Hellerstein and
        William R. Marczak},
    Title = {Consistency Analysis in {B}loom: a {CALM} and Collected
        Approach},
    Booktitle = {CIDR '11},
    Year = {2011}},

@misc{weil:vault2016-bluestore,
  author = {Weil, Sage A.},
  title = {{B}lue{S}tore: {A} {N}ew, {F}aster {S}torage {B}ackend for {C}eph},
  booktitle = {Vault 2016 Conference on Linux Storage and File Systems},
  series = {VAULT '16},
  organization={Linux Foundation},
  year = {2016},
  month = {April}
}

@inproceedings{behzad:sc2013-autotuning,
  title={Taming parallel I/O complexity with auto-tuning},
  author={Behzad, Babak and Luu, Huong Vu Thanh and Huchette, Joseph and

Surendra and Aydt, Ruth and Koziol, Quincey and Snir, Marc and others},
  booktitle={Proceedings of the International Conference on High
mance
Computing, Networking, Storage and Analysis},
  pages={68},
  year={2013},
  organization={ACM}
}

@techreport{watkins:ucsc-soe-16-12,
    Author = {Noah Watkins and Michael Sevilla and Ivo Jimenez and Neha Ojha
        and Peter Alvaro and Carlos Maltzahn},
    title = {Brados: Declarative, Programmable Object Storage},
    Number = {UCSC-SOE-16-12},
    Institution = {UC Santa Cruz},
    Year = {2016},
}

@article{bu:vldb2010-haloop,
    author = {Bu, Yingyi and Howe, Bill and Balazinska, Magdalena and Ernst,
        Michael D.},
    title = {HaLoop: Efficient Iterative Data Processing on Large Clusters},
    journal = {Proc. VLDB Endow.},
    issue_date = {September 2010},
    volume = {3},
    number = {1-2},
    month = sep,
    year = {2010},
    issn = {2150-8097},
    pages = {285--296},
    numpages = {12},
    url = {http://dx.doi.org/10.14778/1920841.1920881},
    doi = {10.14778/1920841.1920881},
    acmid = {1920881},
    publisher = {VLDB Endowment},
} 

@inproceedings{ekanayake:hpdc2010-twister,
    author = {Ekanayake, Jaliya and Li, Hui and Zhang, Bingjing and
        Gunarathne, Thilina and Bae, Seung-Hee and Qiu, Judy and Fox,
        Geoffrey},
    title = {Twister: A Runtime for Iterative MapReduce},
    booktitle = {Proceedings of the 19th ACM International Symposium on
        High Performance Distributed Computing},
    series = {HPDC '10},
    year = {2010},
    isbn = {978-1-60558-942-8},
    location = {Chicago, Illinois},
    pages = {810--818},
    numpages = {9},
    url = {http://doi.acm.org/10.1145/1851476.1851593},
    doi = {10.1145/1851476.1851593},
    acmid = {1851593},
    publisher = {ACM},
    address = {New York, NY, USA},
    keywords = {MapReduce, cloud technologies, iterative
        algorithms},
} 


@inproceedings{mihailescu:hotstorage2012-mixapart,
  author    = {Madalin Mihailescu and
               Gokul Soundararajan and
               Cristiana Amza},
  title     = {MixApart: Decoupled Analytics for Shared Storage Systems},
  booktitle = {4th {USENIX} Workshop on Hot Topics in Storage and File Systems, HotStorage'12,
               Boston, MA, USA, June 13-14, 2012},
  year      = {2012},
  url       = {https://www.usenix.org/conference/hotstorage12/workshop-program/presentation/mihailescu},
  timestamp = {Thu, 22 May 2014 18:01:40 +0200},
  biburl    = {http://dblp2.uni-trier.de/rec/bib/conf/hotstorage/MihailescuSA12},
  bibsource = {dblp computer science bibliography, http://dblp.org}
}

@INPROCEEDINGS{ekanayake:escience2008-eglmapreduce,
    author={J. Ekanayake and T. Gunarathne and G. Fox and A. S. Balkir and C.
        Poulain and N. Araujo and R. Barga}, 
    booktitle={2009 Fifth IEEE International Conference on e-Science}, 
    title={DryadLINQ for Scientific Analyses}, 
    year={2009}, 
    pages={329-336}, 
    keywords={data analysis;natural sciences computing;parallel
        programming;DryadLINQ;Hadoop;MapReduce programming
            model;Microsoft;academic use;high level parallel runtimes;open
            source MapReduce runtimes;scientific analyses;scientific data
            analysis applications;Astronomy;Availability;Conference
            management;Fault tolerant systems;Hardware;Monitoring;Physics
            computing;Pipelines;Resilience;USA Councils;Cloud
            Computing;DryadLINQ;Hadoop;MapReduce}, 
    doi={10.1109/e-Science.2009.53}, 
    month={Dec},}

@inproceedings{buck:hpc2011-scihadoop,
	Address = {Seattle, WA},
	Author = {Joe Buck and Noah Watkins and Jeff LeFevre and Kleoni Ioannidou and Carlos Maltzahn and Neoklis Polyzotis and Scott A. Brandt},
	Booktitle = {SC '11},
	Date-Added = {2011-08-02 22:58:10 +0000},
	Date-Modified = {2013-07-26 17:46:48 +0000},
	Keywords = {papers, mapreduce, datamanagement, hpc, structured, netcdf},
	Month = {November},
	Read = {1},
	Title = {SciHadoop: Array-based Query Processing in Hadoop},
	Year = {2011},
	Bdsk-File-1 = {YnBsaXN0MDDUAQIDBAUGJCVYJHZlcnNpb25YJG9iamVjdHNZJGFyY2hpdmVyVCR0b3ASAAGGoKgHCBMUFRYaIVUkbnVsbNMJCgsMDxJXTlMua2V5c1pOUy5vYmplY3RzViRjbGFzc6INDoACgAOiEBGABIAFgAdccmVsYXRpdmVQYXRoWWFsaWFzRGF0YV1idWNrLXNjMTEucGRm0hcLGBlXTlMuZGF0YU8RAY4AAAAAAY4AAgAADE1hY2ludG9zaCBIRAAAAAAAAAAAAAAAAAAAANJGnetIKwAAAA/bdg1idWNrLXNjMTEucGRmAAAAAAAAAAAAAAAAAAAAAAAAAAAAAAAAAAAAAAAAAAAAAAAAAAAAAAAAAAAAAAAAAAAAD9yVyvgR/wAAAAAAAAAAAAEAAgAACSAAAAAAAAAAAAAAAAAAAAAGUGFwZXJzABAACAAA0kcAWwAAABEACAAAyviCfwAAAAEAEAAP23YAD8k9AA2mjwACmDIAAgA+TWFjaW50b3NoIEhEOlVzZXJzOgBjYXJsb3NtYWx0OgBEcm9wYm94OgBQYXBlcnM6AGJ1Y2stc2MxMS5wZGYADgAcAA0AYgB1AGMAawAtAHMAYwAxADEALgBwAGQAZgAPABoADABNAGEAYwBpAG4AdABvAHMAaAAgAEgARAASAC1Vc2Vycy9jYXJsb3NtYWx0L0Ryb3Bib3gvUGFwZXJzL2J1Y2stc2MxMS5wZGYAABMAAS8AABUAAgAR//8AAIAG0hscHR5aJGNsYXNzbmFtZVgkY2xhc3Nlc11OU011dGFibGVEYXRhox0fIFZOU0RhdGFYTlNPYmplY3TSGxwiI1xOU0RpY3Rpb25hcnmiIiBfEA9OU0tleWVkQXJjaGl2ZXLRJidUcm9vdIABAAgAEQAaACMALQAyADcAQABGAE0AVQBgAGcAagBsAG4AcQBzAHUAdwCEAI4AnAChAKkCOwI9AkICTQJWAmQCaAJvAngCfQKKAo0CnwKiAqcAAAAAAAACAQAAAAAAAAAoAAAAAAAAAAAAAAAAAAACqQ==}}

@inproceedings{gkantsidis:nsdi2013-rhea,
	Address = {Lombard, IL},
	Author = {Christos Gkantsidis and Dimitrios Vytiniotis and Orion Hodson and Dushyanth Narayanan and Florin Dinu and Antony Rowstron},
	Booktitle = {NSDI'13},
	Date-Added = {2013-04-02 20:03:28 +0000},
	Date-Modified = {2013-04-02 20:08:41 +0000},
	Keywords = {papers, storage, cloudcomputing, filtering, codeanalysis, active, datamanagement},
	Month = {April 2-5},
	Title = {Rhea: Automatic Filtering for Unstructured Cloud Storage},
	Year = {2013},
	Bdsk-File-1 = {YnBsaXN0MDDUAQIDBAUGJCVYJHZlcnNpb25YJG9iamVjdHNZJGFyY2hpdmVyVCR0b3ASAAGGoKgHCBMUFRYaIVUkbnVsbNMJCgsMDxJXTlMua2V5c1pOUy5vYmplY3RzViRjbGFzc6INDoACgAOiEBGABIAFgAdccmVsYXRpdmVQYXRoWWFsaWFzRGF0YV8QFWdrYW50c2lkaXMtbnNkaTEzLnBkZtIXCxgZV05TLmRhdGFPEQGuAAAAAAGuAAIAAAxNYWNpbnRvc2ggSEQAAAAAAAAAAAAAAAAAAADSRp3rSCsAAAAP23YVZ2thbnRzaWRpcy1uc2RpMTMucGRmAAAAAAAAAAAAAAAAAAAAAAAAAAAAAAAAAAAAAAAAAAAAAAAAAAAAAAAAAA/eK82AiEUAAAAAAAAAAAABAAIAAAkgAAAAAAAAAAAAAAAAAAAABlBhcGVycwAQAAgAANJHAFsAAAARAAgAAM2A6rUAAAABABAAD9t2AA/JPQANpo8AApgyAAIARk1hY2ludG9zaCBIRDpVc2VyczoAY2FybG9zbWFsdDoARHJvcGJveDoAUGFwZXJzOgBna2FudHNpZGlzLW5zZGkxMy5wZGYADgAsABUAZwBrAGEAbgB0AHMAaQBkAGkAcwAtAG4AcwBkAGkAMQAzAC4AcABkAGYADwAaAAwATQBhAGMAaQBuAHQAbwBzAGgAIABIAEQAEgA1VXNlcnMvY2FybG9zbWFsdC9Ecm9wYm94L1BhcGVycy9na2FudHNpZGlzLW5zZGkxMy5wZGYAABMAAS8AABUAAgAR//8AAIAG0hscHR5aJGNsYXNzbmFtZVgkY2xhc3Nlc11OU011dGFibGVEYXRhox0fIFZOU0RhdGFYTlNPYmplY3TSGxwiI1xOU0RpY3Rpb25hcnmiIiBfEA9OU0tleWVkQXJjaGl2ZXLRJidUcm9vdIABAAgAEQAaACMALQAyADcAQABGAE0AVQBgAGcAagBsAG4AcQBzAHUAdwCEAI4ApgCrALMCZQJnAmwCdwKAAo4CkgKZAqICpwK0ArcCyQLMAtEAAAAAAAACAQAAAAAAAAAoAAAAAAAAAAAAAAAAAAAC0w==}}

@article{shvachko:login2012-hdfs-scalability,
	Author = {Konstantin V. Shvachko},
	Date-Added = {2010-04-09 17:12:20 -0700},
	Date-Modified = {2013-01-10 23:14:38 +0000},
	Journal = {;login:},
	Keywords = {papers, parallel, filesystems, metadata, storage, systems},
	Number = {2},
	Read = {1},
	Title = {HDFS Scalability: The Limits to Growth},
	Volume = {35},
	Year = {2010},
	Bdsk-File-1 = {YnBsaXN0MDDUAQIDBAUGJCVYJHZlcnNpb25YJG9iamVjdHNZJGFyY2hpdmVyVCR0b3ASAAGGoKgHCBMUFRYaIVUkbnVsbNMJCgsMDxJXTlMua2V5c1pOUy5vYmplY3RzViRjbGFzc6INDoACgAOiEBGABIAFgAdccmVsYXRpdmVQYXRoWWFsaWFzRGF0YV8QFHNodmFjaGtvLWxvZ2luMTAucGRm0hcLGBlXTlMuZGF0YU8RAaoAAAAAAaoAAgAADE1hY2ludG9zaCBIRAAAAAAAAAAAAAAAAAAAANJGnetIKwAAAA/bdhRzaHZhY2hrby1sb2dpbjEwLnBkZgAAAAAAAAAAAAAAAAAAAAAAAAAAAAAAAAAAAAAAAAAAAAAAAAAAAAAAAAAAD+Hox+UJzQAAAAAAAAAAAAEAAgAACSAAAAAAAAAAAAAAAAAAAAAGUGFwZXJzABAACAAA0kcAWwAAABEACAAAx+VsPQAAAAEAEAAP23YAD8k9AA2mjwACmDIAAgBFTWFjaW50b3NoIEhEOlVzZXJzOgBjYXJsb3NtYWx0OgBEcm9wYm94OgBQYXBlcnM6AHNodmFjaGtvLWxvZ2luMTAucGRmAAAOACoAFABzAGgAdgBhAGMAaABrAG8ALQBsAG8AZwBpAG4AMQAwAC4AcABkAGYADwAaAAwATQBhAGMAaQBuAHQAbwBzAGgAIABIAEQAEgA0VXNlcnMvY2FybG9zbWFsdC9Ecm9wYm94L1BhcGVycy9zaHZhY2hrby1sb2dpbjEwLnBkZgATAAEvAAAVAAIAEf//AACABtIbHB0eWiRjbGFzc25hbWVYJGNsYXNzZXNdTlNNdXRhYmxlRGF0YaMdHyBWTlNEYXRhWE5TT2JqZWN00hscIiNcTlNEaWN0aW9uYXJ5oiIgXxAPTlNLZXllZEFyY2hpdmVy0SYnVHJvb3SAAQAIABEAGgAjAC0AMgA3AEAARgBNAFUAYABnAGoAbABuAHEAcwB1AHcAhACOAKUAqgCyAmACYgJnAnICewKJAo0ClAKdAqICrwKyAsQCxwLMAAAAAAAAAgEAAAAAAAAAKAAAAAAAAAAAAAAAAAAAAs4=},
	Bdsk-Url-1 = {http://www.usenix.org/publications/login/2010-04/index.html}}

@inproceedings{balmin:sigmod2012-clydesdale,
 author = {Balmin, Andrey and Kaldewey, Tim and Tata, Sandeep},
 title = {Clydesdale: Structured Data Processing on Hadoop},
 booktitle = {Proceedings of the 2012 ACM SIGMOD International Conference on Management of Data},
 series = {SIGMOD '12},
 year = {2012},
 isbn = {978-1-4503-1247-9},
 location = {Scottsdale, Arizona, USA},
 pages = {705--708},
 numpages = {4},
 url = {http://doi.acm.org/10.1145/2213836.2213938},
 doi = {10.1145/2213836.2213938},
 acmid = {2213938},
 publisher = {ACM},
 address = {New York, NY, USA},
 keywords = {hadoop, mapreduce, query processing, star joins, structured data processing},
} 

@inproceedings{wei:systor13,
    author = {Wei, Michael and Davis, John D. and Wobber, Ted and
        Balakrishnan, Mahesh and Malkhi, Dahlia},
    title = {Beyond Block I/O: Implementing a Distributed Shared Log in
        Hardware},
    booktitle = {Proceedings of the 6th International Systems and Storage
        Conference},
    series = {SYSTOR '13},
    year = {2013},
    isbn = {978-1-4503-2116-7},
    location = {Haifa, Israel},
    pages = {21:1--21:11},
    articleno = {21},
    numpages = {11},
    url = {http://doi.acm.org/10.1145/2485732.2485739},
    doi = {10.1145/2485732.2485739},
    acmid = {2485739},
    publisher = {ACM},
    address = {New York, NY, USA},
} 

@inproceedings{sevilla:sc15-mantle,
  author = {Sevilla, Michael A. and Watkins, Noah and Maltzahn, Carlos and
Nassi, Ike and Brandt, Scott A. and Weil, Sage A. and Farnum, Greg  and
Fineberg, Sam},
  title = {{Mantle: A Programmable Metadata Load Balancer for the Ceph File
System}},
  booktitle = {Proceedings of the International Conference for High Performance
Computing, Networking, Storage and Analysis},
  series = {SC '15},
  year = {2015},
  month = {November},
} 

@inproceedings{weil:osdi2006-ceph,
  author = {Weil, Sage A. and Brandt, Scott A. and Miller, Ethan L. and Long,
Darrell D. E. and Maltzahn, Carlos},
  title = {{C}eph: {A} {S}calable, {H}igh-{P}erformance {D}istributed {F}ile
{S}ystem},
  booktitle = {Proceedings of the 7th USENIX Symposium on Operating Systems
Design \& Implementation},
  series = {OSDI '06},
}


@INPROCEEDINGS{750599, 
    author={R. Thakur and W. Gropp and E. Lusk}, 
    booktitle={Frontiers of Massively Parallel Computation, 1999. Frontiers
        '99. The Seventh Symposium on the}, 
    title={Data sieving and collective I/O in ROMIO}, 
    year={1999}, 
    pages={182-189}, 
    keywords={optimisation;parallel processing;performance
        evaluation;DIST3D;HP Exemplar IBM SP;I/O access patterns;Intel
            Paragon;NAS BTIO benchmark;NEC SX-4;ROMIO;SGI
            Origin2000;astrophysics-application template;data sieving;file
            systems;noncontiguous data set;parallel
            programs;performance;Computer science;Control systems;File
            systems;Identity-based
            encryption;Laboratories;Mathematics;National electric
            code;Parallel machines;Read only memory}, 
    doi={10.1109/FMPC.1999.750599}, 
    month={Feb},}

